@ARTICLE{6289431, 
author={R. Mahony and V. Kumar and P. Corke}, 
journal={IEEE Robotics Automation Magazine}, 
title={Multirotor Aerial Vehicles: Modeling, Estimation, and Control of Quadrotor}, 
year={2012}, 
volume={19}, 
number={3}, 
pages={20-32}, 
keywords={aircraft control;multi-robot systems;multirotor aerial vehicles;quadrotor control;Aerodynamics;Aircraft manufacture;Atmospheric modeling;Blades;Estimation;Modeling;Rotors;Tutorials}, 
doi={10.1109/MRA.2012.2206474}, 
ISSN={1070-9932}, 
month={Sept},}
